<?xml version="1.0" encoding="UTF-8"?><collection xmlns="http://www.loc.gov/MARC21/slim"><record><leader>00411nam--2200145-i-4500</leader><controlfield tag="001">000034595</controlfield><controlfield tag="002">20161230</controlfield><controlfield tag="005">20161230201040</controlfield><controlfield tag="008">060222s1000------------r-----000-0-eng-d</controlfield><datafield ind1=" " ind2=" " tag="080"><subfield code="a">517.2</subfield></datafield><datafield ind1=" " ind2=" " tag="100"><subfield code="a">Nicolescu, Miron</subfield></datafield><datafield ind1=" " ind2=" " tag="245"><subfield code="a">CALCUL DIFERENTIAL SI INTEGRAL. NUMERE, FUNCTIUNI, CALCUL DIFERENTIAL. Vol. I</subfield></datafield><datafield ind1=" " ind2=" " tag="260"><subfield code="a">Bucuresti, Socec, 1948. 412p</subfield></datafield><datafield ind1=" " ind2=" " tag="852"><subfield code="a">2204</subfield><subfield code="c">517.2/3</subfield></datafield><datafield ind1=" " ind2=" " tag="CAT"><subfield code="a">Sys</subfield><subfield code="c">20080717</subfield><subfield code="h">071322</subfield></datafield></record></collection>